<collection xmlns="http://www.loc.gov/MARC21/slim">
<record>
  <leader>01088nam0a22002411i 450 </leader>
  <controlfield tag="001">IT\ICCU\CNCE\066841</controlfield>
  <controlfield tag="005">20060913000000.0</controlfield>
  <datafield tag="012" ind1=" " ind2=" ">
    <subfield code="a">c-ui t-n- arue ,&amp;el (C) 1588 (A)</subfield>
    <subfield code="2">fei</subfield>
  </datafield>
  <datafield tag="100" ind1=" " ind2=" ">
    <subfield code="a">20060907d1588        0itac0103    ba</subfield>
  </datafield>
  <datafield tag="101" ind1=" " ind2=" ">
    <subfield code="a">ITA</subfield>
  </datafield>
  <datafield tag="102" ind1=" " ind2=" ">
    <subfield code="a">IT</subfield>
  </datafield>
  <datafield tag="200" ind1="1" ind2=" ">
    <subfield code="a">Confesionale breue, et utile alli penitenti. Per ricordarsi, &amp; per dire al confessore tutti li peccati, c&apos;hauranno fatti. Riueduto, &amp; corretto dal r.p.m. Antonio Ridolfi de&apos;Serui</subfield>
  </datafield>
  <datafield tag="210" ind1=" " ind2=" ">
    <subfield code="a">Stampato in Urbino: ad istanza di M. Ludouico Fabri libraro in Pesaro</subfield>
    <subfield code="c">appresso Bartholomeo Ragusij</subfield>
    <subfield code="d">1588</subfield>
  </datafield>
  <datafield tag="215" ind1=" " ind2=" ">
    <subfield code="a">\8! c.</subfield>
    <subfield code="d">8℗ð</subfield>
  </datafield>
  <datafield tag="300" ind1=" " ind2=" ">
    <subfield code="a">Accorpato al CNC 63515</subfield>
  </datafield>
  <datafield tag="620" ind1=" " ind2=" ">
    <subfield code="a">IT</subfield>
    <subfield code="d">Urbino</subfield>
  </datafield>
  <datafield tag="700" ind1=" " ind2="1">
    <subfield code="a">Ridolfi,</subfield>
    <subfield code="b">Antonio</subfield>
    <subfield code="3">IT\ICCU\CNCA\026122</subfield>
  </datafield>
  <datafield tag="712" ind1="0" ind2="0">
    <subfield code="a">Ragusi, Bartolomeo</subfield>
    <subfield code="3">IT\ICCU\CNCT\000005</subfield>
    <subfield code="4">650</subfield>
  </datafield>
  <datafield tag="712" ind1="0" ind2="0">
    <subfield code="a">Fabri, Lodovico</subfield>
    <subfield code="3">IT\ICCU\CNCT\001858</subfield>
    <subfield code="4">650</subfield>
  </datafield>
  <datafield tag="791" ind1="0" ind2="0">
    <subfield code="a">Ragusius, Bartholomaeus</subfield>
    <subfield code="3">IT\ICCU\CNCT\005283</subfield>
    <subfield code="z">Ragusi, Bartolomeo</subfield>
  </datafield>
  <datafield tag="791" ind1="0" ind2="0">
    <subfield code="a">Ragusij, Bartholomeo</subfield>
    <subfield code="3">IT\ICCU\CNCT\005285</subfield>
    <subfield code="z">Ragusi, Bartolomeo</subfield>
  </datafield>
  <datafield tag="801" ind1=" " ind2="3">
    <subfield code="a">IT</subfield>
    <subfield code="b">ICCU</subfield>
    <subfield code="c">20201115</subfield>
  </datafield>
  <datafield tag="899" ind1=" " ind2=" ">
    <subfield code="a">Biblioteca universitaria Alessandrina. Roma</subfield>
    <subfield code="1">RM0280</subfield>
    <subfield code="2">RML 01</subfield>
  </datafield>
</record>
</collection>
